% ---------------------------------------------------------------------------- %
% File:   Biblio.bib                                                           %
% Author: Simon Vilmin                                                         %
% Date:   2017 - 2018                                                          %
%                                                                              %
% Bilbiography file.                                                           %
% ---------------------------------------------------------------------------- %

% Books ====================================================================== %

% Introduction to Lattices and Order
@book{Lat&Ord,
  title     = {Introduction to Lattices and Order},
  author    = {B.A Davey and H.A Priestley},
  publisher = {Cambridge University Press},
  note      = {2nd edition},
  year      = {2002},
  isbn      = {978-0-511-80908-8}
}


% Conceptual Exploration
@book{CExp,
  title     = {Conceptual Exploration},
  author    = {B. Ganter, S. Obiedkov},
  publisher = {Springer},
  year      = {2016},
  isbn      = {978-3-662-49291-8}
}


% Strong Duality in Horn Minimization
@Inbook{Duality,
  title     = {Strong Duality in Horn Minimization},
  author    = {Boros Endre and {\v{C}}epek Ond{\v{r}}ej and Makino Kazuhisa},
  publisher = {Springer},
  bookTitle = {Fundamentals of Computation Theory: 21st International Symposium,
    FCT 2017, Bordeaux, France, September 11--13, 2017, Proceedings},
  year      = {2017},
  pages     = {123 - 135},
  doi       = {10.1007/978-3-662-55751-8_11}
}


% Covers for Functional Dependencies
@Inbook{FD,
  title     = {Covers for Functional Dependencies},
  author    = {Maier David},
  publisher = {Computer Science Pr},
  booktitle = {Theory of Relational Databases},
  year      = {1983},
  pages     = {73 - 92},
  isbn      = {0914894420},
}



% Articles =================================================================== %

% Horn Approximations of Empirical Data
@article{Approx,
  title     = {Horn Approximations of Empirical Data},
  author    = {Henry Kautz and Michael Kearns and Bart Selman},
  publisher = {Science Direct},
  journal   = {Artificial Intelligence},
  volume    = {74},
  number    = {1},
  pages     = {129 - 145},
  year      = {1995},
  doi       = {10.1016/0004-3702(94)00072-9}
}


% Learning Conjunctions of Horn Clauses
@article{Angluin1992,
  title     = {Learning Conjunctions of Horn Clauses},
  author    = {Angluin Dana and Frazier Michael and Pitt Leonard},
  publisher = {Springer},
  journal   = {Machine Learning},
  year      = {1992},
  volume    = {9},
  number    = {2},
  pages     = {147 - 164},
  doi       = {10.1007/BF00992675},
}


% Minimum Covers in Relational Database Model
@article{Maier1980,
  title     = {Minimum Covers in Relational Database Model},
  author    = {Maier David},
  publisher = {ACM},
  journal   = {J. ACM},
  volume    = {27},
  number    = {4},
  year      = {1980},
  pages     = {664 - 674},
  doi       = {10.1145/322217.322223},
}


% Minimal Representation of Directed Hypergraphs
@article{Hyp,
  title     = {Minimal Representation of Directed Hypergraphs},
  author    = {Ausiello G and D'Atri A and Sacc\'{a} D},
  publisher = {Society for Industrial and Applied Mathematics},
  journal   = {SIAM J. Comput.},
  volume    = {15},
  number    = {2},
  year      = {1986},
  pages     = {418 - 431},
  doi       = {10.1137/0215029},
}


% Directed hypergraphs: Introduction and fundamental algorithms—A survey
@article{Hyp-Intro,
  title     = {Directed hypergraphs: Introduction and fundamental algorithms—A
    survey},
  author    = {Giorgio Ausiello and Luigi Laura},
  publisher = {Elsevier},
  journal   = {Theoretical Computer Science},
  volume    = {658},
  number    = {Part B},
  pages     = {293 - 306},
  year      = {2017},
  doi       = {https://doi.org/10.1016/j.tcs.2016.03.016},
}


% Graph Algorithms for Functional Dependency Manipulation
@article{FD-graph,
  title     = {Graph Algorithms for Functional Dependency Manipulation},
  author    = {Ausiello, Giorgio and D'Atri, Alessandro and Sacc\`{a}, Domenico},
  publisher = {ACM},
  journal   = {J. ACM},
  volume    = {30},
  number    = {4},
  year      = {1983},
  pages     = {752 - 766},
  doi       = {10.1145/2157.322404},
}


% Familles Minimales d'Imlications Informatives resultant d'un Tableau de
% Donnees Binaires
@article{Duq,
  title     = {Familles minimales d'implications informatives résultant d'un
    tableau de données binaires},
  author    = {Guigues J. L., Duquenne V.},
  publisher = {Ecole Pratique des hautes études, Centre de mathématique sociale
    et de statistique},
  journal   = {Mathématiques et Sciences Humaines},
  volume    = {95},
  year      = {1986},
  pages     = {5 - 18},
  volume    = {95},
  year      = {1986},
  url       = {http://eudml.org/doc/94331}
}


% Exclusive and essential sets of implicates of Boolean functions
@article{BorosES,
  title     = {Exclusive and essential sets of implicates of Boolean functions},
  author    = {Endre Boros, Ondřej Čepek, Alexander Kogan and Petr Kučera},
  publisher = {Science Direct},
  journal   = {Discrete Applied Mathematics},
  volume    = {158},
  number    = {2},
  pages     = {81 - 96},
  year      = {2010},
  doi       = {https://doi.org/10.1016/j.dam.2009.08.012},
}


% Strong duality in Horn Minimization
@InProceedings{BorosMinMax,
  title     = {Strong Duality in Horn Minimization},
  author    = {Boros, Endre and {\v{C}}epek, Ond{\v{r}}ej and Makino, Kazuhisa},
  publisher = {Springer Berlin Heidelberg},
  booktitle = {Fundamentals of Computation Theory},
  year      = {2017},
  pages     = {123 - 135},
  isbn      = {978-3-662-55751-8}
}


% Directed Hypergraphs and Horn minimization
@article{KristofLetter,
  title     = {Directed hypergraphs and Horn minimization},
  author    = {Kristóf Bérczi and Erika R. Bérczi-Kovács},
  publisher = {Science Direct},
  journal   = {Information Processing Letters},
  volume    = {128},
  pages     = {32 - 37},
  year      = {2017},
  doi       = {https://doi.org/10.1016/j.ipl.2017.07.013},
}


% Canonical Horn Representations and Query Learning
@InProceedings{PolyAngluin,
  title     = {Canonical Horn Representations and Query Learning},
  author    = {Arias, Marta and Balc{\'a}zar, Jos{\'e} L.},
  publisher = {Springer Berlin Heidelberg},
  booktitle = {Algorithmic Learning Theory},
  year      = {2009},
  pages     = {156 - 170},
  isbn      = {978-3-642-04414-4}
}
